<?xml version="1.0" encoding="UTF-8"?>
<CstmrCdtTrfInitn><GrpHdr><MsgId>MSG-001</MsgId><CreDtTm>2024-11-11T12:01:05</CreDtTm><NbOfTxs>1</NbOfTxs><CtrlSum>100</CtrlSum><InitgPty><Nm>Nome da Empresa Ordenante</Nm></InitgPty></GrpHdr><PmtInf><PmtInfId>PMT-001</PmtInfId><PmtMtd>TRF</PmtMtd><NbOfTxs>1</NbOfTxs><CtrlSum>100</CtrlSum><Dbtr><Nm>Nome do Devedor</Nm></Dbtr><DbtrAcct><IBAN>PT50001800035580939602006</IBAN></DbtrAcct><CdtTrfTxInf><PmtId><EndToEndId>NOTPROVIDED</EndToEndId></PmtId><Amt><InstdAmt Ccy="EUR">100.00</InstdAmt></Amt><Cdtr><Nm>Paula Monteiro</Nm></Cdtr><CdtrAcct><IBAN>PT50001800035580939602006</IBAN></CdtrAcct><CdtrAgt><FinInstnId><BIC>NOTPROVIDED</BIC></FinInstnId></CdtrAgt></CdtTrfTxInf></PmtInf></CstmrCdtTrfInitn>
